
@book{andrews_data:_1985,
	title = {Data: {A} {Collection} of {Problems} from many {Fields} for the {Student} and {Research} {Worker}},
	publisher = {Springer Science \& Business Media},
	author = {Andrews, David F. and Herzberg, Agnes M.},
	year = {1985}
}

@article{bangma_active_2013,
	title = {Active {Surveillance} for {Low}-{Risk} {Prostate} {Cancer}},
	volume = {85},
	issn = {1040-8428},
	doi = {10.1016/j.critrevonc.2012.07.005},
	number = {3},
	journal = {Critical Reviews in Oncology/Hematology},
	author = {Bangma, Chris H. and Bul, Meelan and van der Kwast, Theo H. and Pickles, Tom and Korfage, Ida J. and Hoeks, Caroline M. and Steyerberg, Ewout W. and Jenster, Guido and Kattan, Michael W. and Bellardita, Lara and al, et},
	month = mar,
	year = {2013},
	pages = {295--302}
}

@article{beekly_national_2007,
	title = {The {National} {Alzheimer’s} {Coordinating} {Center} ({NACC}) {Database}: {The} {Uniform} {Data} {Set}},
	volume = {21},
	number = {3},
	journal = {Alzheimer Disease \& Associated Disorders},
	author = {Beekly, Duane L. and Ramos, Erin M. and Lee, William W. and Deitrich, Woodrow D. and Jacka, Mary E. and Wu, Joylee and Hubbard, Janene L. and Koepsell, Thomas D. and Morris, John Carl and Kukull, Walter A.},
	year = {2007},
	pages = {249--258}
}

@manual{brasil_diagnosismed_2018,
	title = {Diagnosismed: {Diagnostic} {Test} {Accuracy} {Evaluation} for {Health} {Professionals}},
	url = {https://R-Forge.R-project.org/projects/diagnosismed/},
	author = {Brasil, Pedro},
	year = {2018},
	annote = {R package version 0.2.9.2/r58}
}

@article{brenner_variation_1997,
	title = {Variation of {Sensitivity}, {Specificity}, {Likelihood} {Ratios} and {Predictive} {Values} with {Disease} {Prevalence}},
	volume = {16},
	number = {9},
	journal = {Statistics in medicine},
	author = {Brenner, HERMANN and Gefeller, OLAF},
	year = {1997},
	pages = {981--991}
}

@article{brown_interval_2003,
	title = {Interval {Likelihood} {Ratios}: {Another} {Advantage} for the {Evidence}-{Based} {Diagnostician}},
	volume = {42},
	number = {2},
	journal = {Annals of Emergency Medicine},
	author = {Brown, Michael D. and Reeves, Mathew J.},
	year = {2003},
	pages = {292--297}
}

@article{coste_gray_2006,
	title = {A {Gray} {Zone} {Assigned} to {Inconclusive} {Results} of {Quantitative} {Diagnostic} {Tests}: {Application} to the {Use} of {Brain} {Natriuretic} {Peptide} for {Diagnosis} of {Heart} {Failure} in {Acute} {Dyspneic} {Patients}},
	volume = {52},
	number = {12},
	journal = {Clinical Chemistry},
	author = {Coste, Joël and Jourdain, Patrick and Pouchot, Jacques},
	year = {2006},
	pages = {2229--2235}
}

@article{coste_grey_2003,
	title = {A {Grey} {Zone} for {Quantitative} {Diagnostic} and {Screening} {Tests}},
	volume = {32},
	number = {2},
	journal = {International Journal of Epidemiology},
	author = {Coste, Joël and Pouchot, Jacques},
	year = {2003},
	pages = {304--313}
}

@article{cripps_bayesian_2016,
	title = {Bayesian {Analysis} of {Individual} {Level} {Personality} {Dynamics}},
	volume = {7},
	journal = {Frontiers in Psychology},
	author = {Cripps, Edward and Wood, Robert E. and Beckmann, Nadin and Lau, John and Beckmann, Jens F. and Cripps, Sally Ann},
	year = {2016},
	pages = {1065}
}

@book{crocker_introduction_1986,
	title = {Introduction to {Classical} and {Modern} {Test} {Theory}},
	isbn = {0-03-061634-4},
	publisher = {Holt, Rinehart and Winston, 6277 Sea Harbor Drive, Orlando, FL 32887 (\$44.75).},
	author = {Crocker, L. and Algina, J.},
	year = {1986}
}

@article{damian_montreal_2011,
	title = {The {Montreal} {Cognitive} {Assessment} and the {Mini}-{Mental} {State} {Examination} as {Screening} {Instruments} for {Cognitive} {Impairment}: {Item} {Analyses} and {Threshold} {Scores}},
	volume = {31},
	issn = {1420-8008, 1421-9824},
	doi = {10.1159/000323867},
	number = {2},
	journal = {Dementia and Geriatric Cognitive Disorders},
	author = {Damian, Anne M. and Jacobson, Sandra A. and Hentz, Joseph G. and Belden, Christine M. and Shill, Holly A. and Sabbagh, Marwan N. and Caviness, John N. and Adler, Charles H.},
	year = {2011},
	pages = {126--131}
}

@article{davis_montreal_2015,
	title = {Montreal {Cognitive} {Assessment} for the {Diagnosis} of {Alzheimer’s} {Disease} and {Other} {Dementias}},
	issn = {14651858},
	url = {http://doi.wiley.com/10.1002/14651858.CD010775.pub2},
	doi = {10.1002/14651858.CD010775.pub2},
	journal = {Cochrane Database of Systematic Reviews},
	author = {Davis, Daniel HJ and Creavin, Sam T and Yip, Jennifer LY and Noel-Storr, Anna H and Brayne, Carol and Cullum, Sarah},
	editor = {Dementia, Cochrane and GroupEditor, Cognitive Improvement},
	month = oct,
	year = {2015}
}

@article{feinstein_inadequacy_1990,
	title = {The {Inadequacy} of {Binary} {Models} for the {Clinical} {Reality} of {Three}-{Zone} {Diagnostic} {Decisions}},
	volume = {43},
	number = {1},
	journal = {Journal of Clinical Epidemiology},
	author = {Feinstein, A. R.},
	year = {1990},
	pages = {109}
}

@article{freitas_montreal_2013,
	title = {Montreal {Cognitive} {Assessment}: {Validation} {Study} for {Mild} {Cognitive} {Impairment} and {Alzheimer} {Disease}},
	volume = {27},
	issn = {0893-0341},
	doi = {10.1097/WAD.0b013e3182420bfe},
	number = {1},
	journal = {Alzheimer Disease \& Associated Disorders},
	author = {Freitas, Sandra and Simões, Mário Rodrigues and Alves, Lara and Santana, Isabel},
	year = {2013},
	pages = {37--43}
}

@article{gallagher_clinical_1998,
	title = {Clinical {Utility} of {Likelihood} {Ratios}},
	volume = {31},
	number = {3},
	journal = {Annals of Emergency Medicine},
	author = {Gallagher, E. John},
	year = {1998},
	pages = {391--397}
}

@article{gallagher_problem_2003,
	title = {The {Problem} with {Sensitivity} and {Specificity}…},
	volume = {42},
	number = {2},
	journal = {Annals of Emergency Medicine},
	author = {Gallagher, E. John},
	year = {2003},
	pages = {298--303}
}

@article{greiner_two-graph_1995,
	title = {Two-{Graph} {Receiver} {Operating} {Characteristic} ({TG}-{ROC}): a {Microsoft}-{EXCEL} {Template} for the {Selection} of {Cut}-{Off} {Values} in {Diagnostic} {Tests}},
	volume = {185},
	number = {1},
	journal = {Journal of Immunological Methods},
	author = {Greiner, Matthias},
	year = {1995},
	pages = {145--146}
}

@article{greiner_two-graph_1996,
	title = {Two-{Graph} {Receiver} {Operating} {Characteristic} ({TG}-{ROC}): {Update} {Version} {Supports} {Optimisation} of {Cut}-{Off} {Values} that {Minimise} {Overall} {Misclassification} {Costs}},
	volume = {191},
	number = {1},
	journal = {Journal of Immunological Methods},
	author = {Greiner, Matthias},
	year = {1996},
	pages = {93--94}
}

@article{greiner_modified_1995,
	title = {A {Modified} {ROC} {Analysis} for the {Selection} of {Cut}-{Off} {Values} and the {Definition} of {Intermediate} {Results} of {Serodiagnostic} {Tests}},
	volume = {185},
	number = {1},
	journal = {Journal of Immunological Methods},
	author = {Greiner, Matthias and Sohr, Dorit and Göbel, Petra},
	year = {1995},
	pages = {123--132}
}

@article{harvill_standard_1991,
	title = {Standard {Error} of {Measurement}},
	volume = {10},
	number = {2},
	journal = {Educational Measurement: Issues and Practice},
	author = {Harvill, Leo M.},
	year = {1991},
	pages = {33--41}
}

@article{heston_standardizing_2011,
	title = {Standardizing {Predictive} {Values} in {Diagnostic} {Imaging} {Research}},
	volume = {33},
	issn = {1522-2586},
	doi = {10.1002/jmri.22466},
	number = {2},
	journal = {Journal of Magnetic Resonance Imaging},
	author = {Heston, Thomas F.},
	year = {2011},
	pages = {505--505}
}

@article{heston_standardized_2014,
	title = {Standardized {Predictive} {Values}},
	volume = {39},
	number = {5},
	journal = {J Magn Reson Imaging},
	author = {Heston, Thomas F.},
	year = {2014},
	pages = {1338}
}

@article{hofmann_back_2019,
	title = {Back to {Basics}: {Overdiagnosis} is {About} {Unwarranted} {Diagnosis}},
	url = {https://academic.oup.com/aje/advance-article/doi/10.1093/aje/kwz148/5522888},
	doi = {10.1093/aje/kwz148},
	journal = {American Journal of Epidemiology},
	author = {Hofmann, Bjørn},
	year = {2019}
}

@book{hosmer_jr_applied_2000,
	title = {Applied {Logistic} {Regression}},
	publisher = {John Wiley \& Sons},
	author = {Hosmer Jr, David W. and Lemeshow, Stanley},
	year = {2000}
}

@article{kraft_software_1988,
	title = {A {Software} {Package} for {Sequential} {Quadratic} {Programming}},
	journal = {Forschungsbericht- Deutsche Forschungs- und Versuchsanstalt fur Luft- und Raumfahrt},
	author = {Kraft, Dieter},
	year = {1988}
}

@article{kraft_algorithm_1994,
	title = {Algorithm 733: {TOMP}–{Fortran} {Modules} for {Optimal} {Control} {Calculations}},
	volume = {20},
	number = {3},
	journal = {ACM Transactions on Mathematical Software (TOMS)},
	author = {Kraft, Dieter},
	year = {1994},
	pages = {262--281}
}

@article{Landsheer_In_press, 
title={Impact of the Prevalence of Cognitive Impairment on the Accuracy of the Montreal Cognitive Assessment: The advantage of using two MoCA thresholds to identify error-prone test scores}, url={https://journals.lww.com/alzheimerjournal/Abstract/publishahead/Impact_of_the_Prevalence_of_Cognitive_Impairment.99314.aspx}, DOI={10.1097/WAD.0000000000000365}, journal={Alzheimer Disease and Associated Disorders}, author={Landsheer, J. A.}, year={In press} }


@article{landsheer_interval_2016,
	title = {Interval of {Uncertainty}: {An} {Alternative} {Approach} for the {Determination} of {Decision} {Thresholds}, with an {Illustrative} {Application} for the {Prediction} of {Prostate} {Cancer}},
	volume = {11},
	number = {11},
	journal = {PloS one},
	author = {Landsheer, J. A.},
	year = {2016},
	pages = {e0166007}
}

@article{landsheer_clinical_2018,
	title = {The {Clinical} {Relevance} of {Methods} for {Handling} {Inconclusive} {Medical} {Test} {Results}: {Quantification} of {Uncertainty} in {Medical} {Decision}-{Making} and {Screening}},
	volume = {8},
	doi = {10.3390/diagnostics8020032},
	number = {2},
	journal = {Diagnostics},
	author = {Landsheer, J. A.},
	month = may,
	year = {2018},
	pages = {32}
}

@article{larner_screening_2012,
	title = {Screening {Utility} of the {Montreal} {Cognitive} {Assessment} ({Moca}): in {Place} of – {Or} {As} {Well} {As} – the {MMSE}?},
	volume = {24},
	issn = {1741-203X, 1041-6102},
	doi = {10.1017/S1041610211001839},
	number = {3},
	journal = {International Psychogeriatrics},
	author = {Larner, A. J.},
	month = mar,
	year = {2012},
	pages = {391--396}
}

@article{logan_decision_2019,
	title = {Decision {Making} and {Uncertainty} {Quantification} for {Individualized} {Treatments} using {Bayesian} {Additive} {Regression} {Trees}},
	volume = {28},
	number = {4},
	journal = {Statistical methods in medical research},
	author = {Logan, Brent R. and Sparapani, Rodney and McCulloch, Robert E. and Laud, Purushottam W.},
	year = {2019},
	pages = {1079--1093}
}

@article{martinelli_comparison_2014,
	title = {Comparison of the {Diagnostic} {Accuracy} of {Neuropsychological} {Tests} in {Differentiating} {Alzheimer’s} {Disease} from {Mild} {Cognitive} {Impairment}: {Can} the {Montreal} {Cognitive} {Assessment} {Be} {Better} than the {Cambridge} {Cognitive} {Examination}},
	volume = {4},
	issn = {, 1664-5464},
	doi = {10.1159/000360279},
	number = {2},
	journal = {Dementia and Geriatric Cognitive Disorders Extra},
	author = {Martinelli, José Eduardo and Cecato, Juliana Francisca and Bartholomeu, Daniel and Montiel, José Maria},
	year = {2014},
	pages = {113--121}
}

@article{morris_clinical_1997,
	title = {Clinical {Dementia} {Rating}: {A} {Reliable} and {Valid} {Diagnostic} and {Staging} {Measure} for {Dementia} of the {Alzheimer} {Type}},
	volume = {9},
	number = {S1},
	journal = {International Psychogeriatrics},
	author = {Morris, John Carl},
	year = {1997},
	pages = {173--176}
}

@article{morris_clinical_1997-1,
	title = {Clinical {Dementia} {Rating} {Training} and {Reliability} in {Multicenter} {Studies}: {The} {Alzheimer’s} {Disease} {Cooperative} {Study} {Experience}},
	volume = {48},
	number = {6},
	journal = {Neurology},
	author = {Morris, John Carl and Ernesto, Christopher and Schafer, Kimberly and Coats, MMSN and Leon, SMSN and Sano, M. and Thal, L. J. and Woodbury, P.},
	year = {1997},
	pages = {1508--1510}
}

@article{nasreddine_montreal_2005,
	title = {The {Montreal} {Cognitive} {Assessment}, {MoCA}: a brief screening tool for mild cognitive impairment},
	volume = {53},
	number = {4},
	journal = {Journal of the American Geriatrics Society},
	author = {Nasreddine, Ziad S. and Phillips, Natalie A. and Bédirian, Valérie and Charbonneau, Simon and Whitehead, Victor and Collin, Isabelle and Cummings, Jeffrey L. and Chertkow, Howard},
	year = {2005},
	pages = {695--699}
}

@article{nowok_synthpop_2016,
	title = {{synthpop}: {Bespoke} {Creation} of {Synthetic} {Data} in {R}},
	volume = {74},
	doi = {10.18637/jss.v074.i11},
	number = {11},
	journal = {Journal of Statistical Software},
	author = {Nowok, Beata and Raab, Gillian M. and Dibben, Chris},
	year = {2016},
	pages = {1--26}
}

@book{pepe_statistical_2003,
	title = {The Statistical Evaluation of Medical Tests for Classification and Prediction},
	publisher = {Medicine},
	author = {Pepe, Margaret Sullivan},
	year = {2003}
}

@article{perez-jaume_thresholdroc:_2017,
	title = {{ThresholdROC}: {Optimum} {Threshold} {Estimation} {Tools} for {Continuous} {Diagnostic} {Tests} in {R}},
	volume = {82},
	issn = {1548-7660},
	doi = {10.18637/jss.v082.i04},
	number = {1},
	journal = {Journal of Statistical Software},
	author = {Perez-Jaume, Sara and Skaltsa, Konstantina and Pallarès, Natàlia and Carrasco, Josep L.},
	month = nov,
	year = {2017},
	pages = {1--21}
}

@book{peters_cran_2015,
	title = {{CRAN} - ipred: {Improved} {Predictors}},
	url = {https://cran.r-project.org/web/packages/ipred/index.html},
	author = {Peters, Andrea and Hothorn, Torsten and Ripley, Brian D. and Therneau, Terry and Atkinson, Beth},
	month = jul,
	year = {2015}
}

@article{ransohoff_problems_1978,
	title = {Problems of Spectrum and Bias in Evaluating the Efficacy of Diagnostic Tests},
	volume = {299},
	number = {17},
	journal = {New England Journal of Medicine},
	author = {Ransohoff, David F. and Feinstein, Alvan R.},
	year = {1978},
	pages = {926--930}
}

@article{schisterman_optimal_2005,
	title = {Optimal Cut-Point and Its Corresponding {Youden} {Index} to Discriminate Individuals Using Pooled Blood Samples},
	journal = {Epidemiology},
	author = {Schisterman, Enrique F. and Perkins, Neil J. and Liu, Aiyi and Bondell, Howard},
	year = {2005},
	pages = {73--81}
}

@article{schuetz_use_2012,
	title = {Use of 3x2 Tables with An Intention to Diagnose Approach to Assess Clinical Performance of Diagnostic Tests: Meta-Analytical Evaluation of Coronary {CT} Angiography Studies},
	volume = {345},
	number = {e6717},
	journal = {Bmj},
	author = {Schuetz, Georg M. and Schlattmann, Peter and Dewey, Marc},
	year = {2012},
	pages = {1:10}
}

@article{sheiner_bayesian_1982,
	title = {Bayesian Individualization of Pharmacokinetics: Simple Implementation and Comparison with Non-{Bayesian} Methods},
	volume = {71},
	number = {12},
	journal = {Journal of Pharmaceutical Sciences},
	author = {Sheiner, Lewis B. and Beal, Stuart L.},
	year = {1982},
	pages = {1344--1348}
}

@article{shinkins_diagnostic_2013,
	title = {Diagnostic Uncertainty: Dichotomies Are Not the Answer},
	volume = {63},
	number = {608},
	journal = {Br J Gen Pract},
	author = {Shinkins, Bethany and Perera, Rafael},
	year = {2013},
	pages = {122--123}
}

@article{shiota_temporary_2014,
	title = {Temporary Cognitive Impairment Related to Administration of Newly Developed Anticholinergic Medicines for Overactive Bladder: Two Case Reports},
	volume = {7},
	issn = {1756-0500},
	url = {https://www.ncbi.nlm.nih.gov/pmc/articles/PMC4180548/},
	doi = {10.1186/1756-0500-7-672},
	journal = {BMC Research Notes},
	author = {Shiota, Takako and Torimoto, Kazumasa and Momose, Hitoshi and Nakamuro, Takuya and Mochizuki, Hiroshi and Kumamoto, Hiromi and Hirayama, Akihide and Fujimoto, Kiyohide},
	month = sep,
	year = {2014}
}

@article{simel_intermediate_1987,
	title = {Intermediate, Indeterminate, and Uninterpretable Diagnostic Test Results},
	volume = {7},
	number = {2},
	journal = {Medical Decision Making},
	author = {Simel, David L. and Feussner, John R. and Delong, Elizabeth R. and Matchar, David B.},
	year = {1987},
	pages = {107--114}
}

@article{sonis_how_1999,
	title = {How to Use and Interpret Interval Likelihood Ratios},
	volume = {31},
	journal = {Family Medicine},
	author = {Sonis, Jeffrey},
	year = {1999},
	pages = {432--437}
}

@article{usher-smith_spectrum_2016,
	title = {The Spectrum Effect in Tests for Risk Prediction, Screening, and Diagnosis},
	volume = {353},
	journal = {bmj},
	author = {Usher-Smith, Juliet A. and Sharp, Stephen J. and Griffin, Simon J.},
	year = {2016},
	pages = {i3139}
}

@article{weintraub_version_2018,
	title = {Version 3 of the {Alzheimer} {Disease} {Centers}’ Neuropsychological Test Battery in the {Uniform} {Data} {Set} ({UDS})},
	volume = {32},
	number = {1},
	journal = {Alzheimer Disease and Associated Disorders},
	author = {Weintraub, Sandra and Besser, Lilah and Dodge, Hiroko H. and Teylan, Merilee and Ferris, Steven and Goldstein, Felicia C. and Giordani, Bruno and Kramer, Joel and Loewenstein, David and Marson, Dan},
	year = {2018},
	pages = {10}
}

@article{weintraub_alzheimers_2009,
	title = {The {Alzheimer’s} Disease Centers’ Uniform Data Set ({UDS}): {the} Neuropsychological Test Battery},
	volume = {23},
	number = {2},
	journal = {Alzheimer Disease and Associated Disorders},
	author = {Weintraub, Sandra and Salmon, David and Mercaldo, Nathaniel and Ferris, Steven and Graff-Radford, Neill R. and Chui, Helena and Cummings, Jeffrey and DeCarli, Charles and Foster, Norman L. and Galasko, Douglas},
	year = {2009},
	pages = {91}
}

@article{youden_index_1950,
	title = {Index for Rating Diagnostic Tests},
	volume = {3},
	issn = {1097-0142},
	doi = {10.1002/1097-0142(1950)3:1<32::AID-CNCR2820030106>3.0.CO;2-3},
	number = {1},
	journal = {Cancer},
	author = {Youden, W. J.},
	month = jan,
	year = {1950},
	pages = {32--35}
}
